@book{BigData,
	title={Introduction to Big Data},
	author={Ahmed Elragal},
	year={2024},
	publisher={Pearson}
}

@book{DataScience,
	title={Introduction to Data Science},
	author={Alaa Awad},
	year={2020},
	publisher={Wiley}
}

@misc{bakerydata,
  author       = {Akashdeep Kuila},
  title        = {Bakery Transactions Dataset},
  year         = {2019},
  howpublished = {\url{https://www.kaggle.com/datasets/akashdeepkuila/bakery/data}},
  note         = {Accessed: 2025-09-21}
}
@BOOK{courseLitt,
  title     = "Introduction to Data Mining",
  author    = "Tan, Pang-Ning and Steinbach, Michael and Karpatne, Anuj and
               Kumar, Vipin",
  publisher = "Pearson",
  edition   =  2,
  month     =  mar,
  year      =  2017,
  address   = "Upper Saddle River, NJ",
  language  = "en"
}

@misc{RapidMiner,
  author       = {Altair Engineering Inc.},
  title        = {Altair AI Studio (formerly RapidMiner Studio)},
  year         = {2025},
  howpublished = {\url{https://altair.com/altair-ai-studio}},
  note         = {Accessed: 2025-09-02}
}

@misc{Knime,
  author       = {KNIME AG},
  title        = {KNIME Analytics Platform (Version 5.3)},
  year         = {2025},
  howpublished = {\url{https://www.knime.com}},
  note         = {Accessed: 2025-09-02}
}